<?xml version="1.0" encoding="UTF-8"?><collection xmlns="http://www.loc.gov/MARC21/slim"><record><leader>00391nam--2200157-u-4500</leader><controlfield tag="001">000051782</controlfield><controlfield tag="002">20161230</controlfield><controlfield tag="005">20170106164139</controlfield><controlfield tag="008">081001s1000------------r-----000-0-eng-d</controlfield><datafield ind1=" " ind2=" " tag="040"><subfield code="a">IFIN-HH</subfield></datafield><datafield ind1=" " ind2=" " tag="080"><subfield code="a">517.9</subfield></datafield><datafield ind1="1" ind2=" " tag="100"><subfield code="a">Alishev, S. A</subfield></datafield><datafield ind1="1" ind2="0" tag="245"><subfield code="a">Differentsialnye uravneniya i ikh Primenenie</subfield></datafield><datafield ind1=" " ind2=" " tag="260"><subfield code="a">Alma-Ata</subfield><subfield code="b">Nauka</subfield><subfield code="c">1970</subfield></datafield><datafield ind1=" " ind2=" " tag="852"><subfield code="a">34040</subfield><subfield code="c">517.9</subfield></datafield><datafield ind1=" " ind2=" " tag="CAT"><subfield code="a">SYS</subfield><subfield code="c">20170106</subfield><subfield code="h">164139</subfield></datafield></record></collection>